<?xml version = "1.0" encoding = "UTF-8"?><OAI-PMH xmlns="http://www.openarchives.org/OAI/2.0/" xmlns:xsi="http://www.w3.org/2001/XMLSchema-instance" xsi:schemaLocation="http://www.openarchives.org/OAI/2.0/ http://www.openarchives.org/OAI/2.0/OAI-PMH.xsd"><ListRecords><record><header><identifier>aleph-publish:000517673</identifier></header><metadata><record xmlns="http://www.ddb.de/professionell/mabxml/mabxml-1.xsd"><leader>00554vM2.01200024------h</leader><controlfield tag="LDR">00554vM2.01200024------h</controlfield><controlfield tag="FMT">MH</controlfield><datafield tag="001" ind1="-" ind2="1"><subfield code="a">HT003415512</subfield></datafield><datafield tag="002" ind1="a" ind2="1"><subfield code="a">19970829</subfield></datafield><controlfield tag="030">a|1uc||||||17</controlfield><datafield tag="037" ind1="b" ind2="1"><subfield code="a">ger</subfield></datafield><controlfield tag="050">a|||||||||||||</controlfield><controlfield tag="051">s|||||||</controlfield><datafield tag="070" ind1="-" ind2="1"><subfield code="a">292</subfield></datafield><datafield tag="080" ind1="-" ind2="1"><subfield code="a">60</subfield></datafield><datafield tag="100" ind1="-" ind2="1"><subfield code="p">Späth, Sibylle</subfield><subfield code="9">(DE-588)11091631X</subfield></datafield><datafield tag="331" ind1="-" ind2="1"><subfield code="a">Rolf Dieter Brinkmann</subfield></datafield><datafield tag="359" ind1="-" ind2="1"><subfield code="a">Sibylle Späth</subfield></datafield><datafield tag="410" ind1="-" ind2="1"><subfield code="a">Stuttgart</subfield></datafield><datafield tag="412" ind1="-" ind2="1"><subfield code="a">Metzler</subfield></datafield><datafield tag="425" ind1="a" ind2="1"><subfield code="a">1989</subfield></datafield><datafield tag="433" ind1="-" ind2="1"><subfield code="a">VI, 135 S.</subfield></datafield><datafield tag="451" ind1="-" ind2="1"><subfield code="a">Sammlung Metzler ; 254</subfield></datafield><datafield tag="453" ind1="-" ind2="1"><subfield code="a">HT002139553</subfield></datafield><datafield tag="455" ind1="-" ind2="1"><subfield code="a">254</subfield></datafield><datafield tag="456" ind1="-" ind2="1"><subfield code="a">254</subfield></datafield><datafield tag="540" ind1="a" ind2="1"><subfield code="a">3-476-10254-8</subfield><subfield code="b">kart. : ca. DM 19.80</subfield></datafield><datafield tag="902" ind1="-" ind2="1"><subfield code="p">Brinkmann, Rolf Dieter</subfield><subfield code="d">1940-1975</subfield><subfield code="9">(DE-588)118515470</subfield></datafield><datafield tag="907" ind1="-" ind2="1"><subfield code="p">Brinkmann, Rolf Dieter</subfield><subfield code="d">1940-1975</subfield><subfield code="9">(DE-588)118515470</subfield></datafield><datafield tag="907" ind1="-" ind2="1"><subfield code="f">Bibliographie</subfield></datafield><controlfield tag="SYS">000517673</controlfield><datafield tag="PSW" ind1="-" ind2="1"><subfield code="p">Brinkmann, Rolf D.</subfield><subfield code="d">1940-1975</subfield><subfield code="9">(DE-588)118515470</subfield></datafield><datafield tag="PSW" ind1="-" ind2="1"><subfield code="p">Brinkmann, R. D.</subfield><subfield code="d">1940-1975</subfield><subfield code="9">(DE-588)118515470</subfield></datafield><datafield tag="PSW" ind1="-" ind2="1"><subfield code="p">Brinkmann, Rolf-Dieter</subfield><subfield code="d">1940-1975</subfield><subfield code="9">(DE-588)118515470</subfield></datafield><datafield tag="PSW" ind1="-" ind2="1"><subfield code="p">Brinkmann, Rolf Diether</subfield><subfield code="d">1940-1975</subfield><subfield code="9">(DE-588)118515470</subfield></datafield><datafield tag="PSW" ind1="-" ind2="1"><subfield code="p">Brinkmann, R. Diether</subfield><subfield code="d">1940-1975</subfield><subfield code="9">(DE-588)118515470</subfield></datafield><datafield tag="PSW" ind1="-" ind2="1"><subfield code="p">Brinkmann, Rolf D.</subfield><subfield code="d">1940-1975</subfield><subfield code="9">(DE-588)118515470</subfield></datafield><datafield tag="PSW" ind1="-" ind2="1"><subfield code="p">Brinkmann, R. D.</subfield><subfield code="d">1940-1975</subfield><subfield code="9">(DE-588)118515470</subfield></datafield><datafield tag="PSW" ind1="-" ind2="1"><subfield code="p">Brinkmann, Rolf-Dieter</subfield><subfield code="d">1940-1975</subfield><subfield code="9">(DE-588)118515470</subfield></datafield><datafield tag="PSW" ind1="-" ind2="1"><subfield code="p">Brinkmann, Rolf Diether</subfield><subfield code="d">1940-1975</subfield><subfield code="9">(DE-588)118515470</subfield></datafield><datafield tag="PSW" ind1="-" ind2="1"><subfield code="p">Brinkmann, R. Diether</subfield><subfield code="d">1940-1975</subfield><subfield code="9">(DE-588)118515470</subfield></datafield><datafield tag="PSW" ind1="-" ind2="1"><subfield code="p">Brinkmann, Rolf D.</subfield><subfield code="d">1940-1975</subfield><subfield code="9">(DE-588)118515470</subfield></datafield><datafield tag="PSW" ind1="-" ind2="1"><subfield code="p">Brinkmann, R. D.</subfield><subfield code="d">1940-1975</subfield><subfield code="9">(DE-588)118515470</subfield></datafield><datafield tag="PSW" ind1="-" ind2="1"><subfield code="p">Brinkmann, Rolf-Dieter</subfield><subfield code="d">1940-1975</subfield><subfield code="9">(DE-588)118515470</subfield></datafield><datafield tag="PSW" ind1="-" ind2="1"><subfield code="p">Brinkmann, Rolf Diether</subfield><subfield code="d">1940-1975</subfield><subfield code="9">(DE-588)118515470</subfield></datafield><datafield tag="PSW" ind1="-" ind2="1"><subfield code="p">Brinkmann, R. Diether</subfield><subfield code="d">1940-1975</subfield><subfield code="9">(DE-588)118515470</subfield></datafield><datafield tag="PSW" ind1="-" ind2="1"><subfield code="p">Brinkmann, Rolf D.</subfield><subfield code="d">1940-1975</subfield><subfield code="9">(DE-588)118515470</subfield></datafield><datafield tag="PSW" ind1="-" ind2="1"><subfield code="p">Brinkmann, R. D.</subfield><subfield code="d">1940-1975</subfield><subfield code="9">(DE-588)118515470</subfield></datafield><datafield tag="PSW" ind1="-" ind2="1"><subfield code="p">Brinkmann, Rolf-Dieter</subfield><subfield code="d">1940-1975</subfield><subfield code="9">(DE-588)118515470</subfield></datafield><datafield tag="PSW" ind1="-" ind2="1"><subfield code="p">Brinkmann, Rolf Diether</subfield><subfield code="d">1940-1975</subfield><subfield code="9">(DE-588)118515470</subfield></datafield><datafield tag="PSW" ind1="-" ind2="1"><subfield code="p">Brinkmann, R. Diether</subfield><subfield code="d">1940-1975</subfield><subfield code="9">(DE-588)118515470</subfield></datafield><datafield tag="PSW" ind1="-" ind2="1"><subfield code="p">Brinkmann, Rolf D.</subfield><subfield code="d">1940-1975</subfield><subfield code="9">(DE-588)118515470</subfield></datafield><datafield tag="PSW" ind1="-" ind2="1"><subfield code="p">Brinkmann, R. D.</subfield><subfield code="d">1940-1975</subfield><subfield code="9">(DE-588)118515470</subfield></datafield><datafield tag="PSW" ind1="-" ind2="1"><subfield code="p">Brinkmann, Rolf-Dieter</subfield><subfield code="d">1940-1975</subfield><subfield code="9">(DE-588)118515470</subfield></datafield><datafield tag="PSW" ind1="-" ind2="1"><subfield code="p">Brinkmann, Rolf Diether</subfield><subfield code="d">1940-1975</subfield><subfield code="9">(DE-588)118515470</subfield></datafield><datafield tag="PSW" ind1="-" ind2="1"><subfield code="p">Brinkmann, R. Diether</subfield><subfield code="d">1940-1975</subfield><subfield code="9">(DE-588)118515470</subfield></datafield><datafield tag="PSW" ind1="-" ind2="1"><subfield code="p">Brinkmann, Rolf D.</subfield><subfield code="d">1940-1975</subfield><subfield code="9">(DE-588)118515470</subfield></datafield><datafield tag="PSW" ind1="-" ind2="1"><subfield code="p">Brinkmann, R. D.</subfield><subfield code="d">1940-1975</subfield><subfield code="9">(DE-588)118515470</subfield></datafield><datafield tag="PSW" ind1="-" ind2="1"><subfield code="p">Brinkmann, Rolf-Dieter</subfield><subfield code="d">1940-1975</subfield><subfield code="9">(DE-588)118515470</subfield></datafield><datafield tag="PSW" ind1="-" ind2="1"><subfield code="p">Brinkmann, Rolf Diether</subfield><subfield code="d">1940-1975</subfield><subfield code="9">(DE-588)118515470</subfield></datafield><datafield tag="PSW" ind1="-" ind2="1"><subfield code="p">Brinkmann, R. Diether</subfield><subfield code="d">1940-1975</subfield><subfield code="9">(DE-588)118515470</subfield></datafield><datafield tag="PSW" ind1="-" ind2="1"><subfield code="p">Brinkmann, Rolf D.</subfield><subfield code="d">1940-1975</subfield><subfield code="9">(DE-588)118515470</subfield></datafield><datafield tag="PSW" ind1="-" ind2="1"><subfield code="p">Brinkmann, R. D.</subfield><subfield code="d">1940-1975</subfield><subfield code="9">(DE-588)118515470</subfield></datafield><datafield tag="PSW" ind1="-" ind2="1"><subfield code="p">Brinkmann, Rolf-Dieter</subfield><subfield code="d">1940-1975</subfield><subfield code="9">(DE-588)118515470</subfield></datafield><datafield tag="PSW" ind1="-" ind2="1"><subfield code="p">Brinkmann, Rolf Diether</subfield><subfield code="d">1940-1975</subfield><subfield code="9">(DE-588)118515470</subfield></datafield><datafield tag="PSW" ind1="-" ind2="1"><subfield code="p">Brinkmann, R. Diether</subfield><subfield code="d">1940-1975</subfield><subfield code="9">(DE-588)118515470</subfield></datafield><datafield tag="PSW" ind1="-" ind2="1"><subfield code="p">Brinkmann, Rolf D.</subfield><subfield code="d">1940-1975</subfield><subfield code="9">(DE-588)118515470</subfield></datafield><datafield tag="PSW" ind1="-" ind2="1"><subfield code="p">Brinkmann, R. D.</subfield><subfield code="d">1940-1975</subfield><subfield code="9">(DE-588)118515470</subfield></datafield><datafield tag="PSW" ind1="-" ind2="1"><subfield code="p">Brinkmann, Rolf-Dieter</subfield><subfield code="d">1940-1975</subfield><subfield code="9">(DE-588)118515470</subfield></datafield><datafield tag="PSW" ind1="-" ind2="1"><subfield code="p">Brinkmann, Rolf Diether</subfield><subfield code="d">1940-1975</subfield><subfield code="9">(DE-588)118515470</subfield></datafield><datafield tag="PSW" ind1="-" ind2="1"><subfield code="p">Brinkmann, R. Diether</subfield><subfield code="d">1940-1975</subfield><subfield code="9">(DE-588)118515470</subfield></datafield><datafield tag="700" ind1=" " ind2=" "><subfield code="a">CSCB</subfield></datafield><datafield tag="OWN" ind1=" " ind2=" "><subfield code="a">P0001</subfield></datafield><datafield tag="655" ind1=" " ind2=" "><subfield code="y">Rolf Dieter Brinkmann</subfield><subfield code="t">VIEW</subfield><subfield code="u">http://digitool.hbz-nrw.de:1801/webclient/DeliveryManager?application=DIGITOOL-3&amp;owner=resourcediscovery&amp;custom_att_2=simple_viewer&amp;user=GUEST&amp;pid=1959086</subfield></datafield><datafield tag="TXT" ind1=" " ind2=" "><subfield code="a">OCR-TEXT: EINLEITUNG 1 ! SCHWIERIGES ERBE: I LYRIK ZWISCHEN TRADITION UND INNOVATION. GEDICHTE | 1962-1967 • IHR NENNT ES SPRACHE 4 1 LE CHANT DU MONDE. OHNE NEGER. &amp;-GEDICHTE. WAS FRAGLICH I! IST WOFUER 10 J PROSA DER FORMEXPENMENTE ; IN DER GRUBE 18 J DIE UMARMUNG 20 ; RAUPENBAHN 27 DIE BOOTSFAHRT 32 : WAS UNTER DIE DORNEN FIEL 33 KURZPROSA 1965-1967 34 TALKING ABOUT MY GENERATION I ; KEINER WEISS MEHR 38 IMAGINATIONSRAEUME. DIE LEINWAND, DER SCHWARZE KASTEN UND DAS WEISSE PAPIER. GEDICHTE 1968-1970 POETOLOGIE 42 GODZILLA 47 DIE PILOTEN 52 GRAS 59 SCIENCE-FICTION ESSAYS 65 HOERSPIELE 69 TRAUMMASCHINE KOERPER EISWASSER AN DER GUADELUPE STR 73 WESTWAERTS 1&amp;2 74 V TALKING ABOUT MY GENERATION II. REISEBERICHT, BRIEFROMAN, TAGEBUCH 91 ERKUNDUNGEN FUER DIE PRAEZISIERUNG DES GEFUEHLS FUER EINEN AUFSTAND: REISE ZEIT MAGAZIN (TAGEBUCH) 97 ROM, BLICKE REISEBERICHT 102 POSTKARTE UND PHOTOGRAPHIE 107 BRIEFROMAN 108 INTERTEXTUALITAET 111 SCHNITTE NACHRICHTEN-MAGAZIN 114 ANHANG KURZBIOGRAPHIE 117 WERKVERZEICHNIS 118 LITERATUR UEBER BRINKMANN 122 IN ABKUERZUNGEN ZITIERTE LITERATUR 134</subfield></datafield><datafield tag="PLK" ind1=" " ind2=" "><subfield code="a">SRU</subfield><subfield code="l">PAD01</subfield><subfield code="b">000304699</subfield><subfield code="m">254.^Rolf Dieter Brinkmann.^1989</subfield><subfield code="n">Sammlung Metzler.^1961</subfield></datafield><datafield tag="LOC" ind1=" " ind2=" "><subfield code="m">BOOK</subfield><subfield code="a">P0001</subfield><subfield code="b">11</subfield><subfield code="d">CSCB6417+1</subfield><subfield code="i">K90/1126</subfield><subfield code="n">20</subfield><subfield code="k">20000217</subfield><subfield code="5">492794-20</subfield></datafield><datafield tag="LOC" ind1=" " ind2=" "><subfield code="m">BOOK</subfield><subfield code="a">P0001</subfield><subfield code="i">89/43188</subfield><subfield code="n">30</subfield><subfield code="k">20000217</subfield><subfield code="5">492794-10</subfield></datafield><datafield tag="LOC" ind1=" " ind2=" "><subfield code="m">BOOK</subfield><subfield code="a">P0001</subfield><subfield code="n">20</subfield><subfield code="k">00000000</subfield><subfield code="5">492794-30</subfield></datafield></record></metadata></record></ListRecords></OAI-PMH>